<record xmlns:xsi="http://www.w3.org/2001/XMLSchema-instance" xmlns="http://www.loc.gov/MARC21/slim" xsi:schemaLocation="http://www.loc.gov/MARC21/slim http://www.loc.gov/standards/marcxml/schema/MARC21slim.xsd">

  <leader>00513nam a2200181Ia 4500</leader>
  <controlfield tag="008">150813b2003    sp ||||| |||| 00| | spa d</controlfield>
  <datafield tag="020" ind2=" " ind1=" ">
    <subfield code="a">8449313899</subfield>
  </datafield>
  <datafield ind2=" " ind1=" " tag="090">
    <subfield code="a">06.03.07 </subfield>
    <subfield code="b">802 </subfield>
  </datafield>
  <datafield ind1="1" ind2=" " tag="100">
    <subfield code="9">839</subfield>
    <subfield code="a">Chalmers, Graeme</subfield>
  </datafield>
  <datafield tag="245" ind2="0" ind1="1">
    <subfield code="a">Arte, educación y diversidad cultural /</subfield>
    <subfield code="c">Graeme Chalmers</subfield>
  </datafield>
  <datafield tag="260" ind2=" " ind1=" ">
    <subfield code="a">Barcelona :</subfield>
    <subfield code="b">Paidós,</subfield>
    <subfield code="c">2003</subfield>
  </datafield>
  <datafield tag="300" ind1=" " ind2=" ">
    <subfield code="a">164 páginas</subfield>
  </datafield>
  <datafield tag="650" ind2="4" ind1="1">
    <subfield code="9">840</subfield>
    <subfield code="a">EDUCACIÓN ARTÍSTICA</subfield>
  </datafield>
  <datafield ind1="1" ind2="4" tag="650">
    <subfield code="9">378</subfield>
    <subfield code="a">CULTURA </subfield>
  </datafield>
  <datafield ind2="4" ind1="1" tag="650">
    <subfield code="9">421</subfield>
    <subfield code="a">ARTE   </subfield>
  </datafield>
  <datafield ind2="4" ind1="1" tag="650">
    <subfield code="9">841</subfield>
    <subfield code="a">PLURALISMO CULTURAL</subfield>
  </datafield>
  <datafield ind1=" " ind2=" " tag="942">
    <subfield code="2">z</subfield>
    <subfield code="c">01</subfield>
  </datafield>
  <datafield tag="999" ind1=" " ind2=" ">
    <subfield code="c">201</subfield>
    <subfield code="d">201</subfield>
  </datafield>
</record>